@article {Wymant092916,
	author = {Wymant, Chris and Blanquart, Fran{\c c}ois and Gall, Astrid and Bakker, Margreet and Bezemer, Daniela and Croucher, Nicholas J and Golubchik, Tanya and Hall, Matthew and Hillebregt, Mariska and Ong, Swee Hoe and Albert, Jan and Bannert, Norbert and Fellay, Jacques and Fransen, Katrien and Gourlay, Annabelle and Grabowski, M. Kate and Gunsenheimer-Bartmeyer, Barbara and G{\"u}nthard, Huldrych and Kivel{\"a}, Pia and Kouyos, Roger and Laeyendecker, Oliver and Liitsola, Kirsi and Meyer, Laurence and Porter, Kholoud and Ristola, Matti and van Sighem, Ard and Vanham, Guido and Berkhout, Ben and Cornelissen, Marion and Kellam, Paul and Reiss, Peter and Fraser, Christophe},
	title = {Easy and Accurate Reconstruction of Whole HIV Genomes from Short-Read Sequence Data},
	year = {2016},
	doi = {10.1101/092916},
	publisher = {Cold Spring Harbor Labs Journals},
	URL = {http://www.biorxiv.org/content/early/2016/12/09/092916},
	eprint = {http://www.biorxiv.org/content/early/2016/12/09/092916.full.pdf},
	journal = {bioRxiv}
}

@article{Bolger01082014,
author = {Bolger, Anthony M. and Lohse, Marc and Usadel, Bjoern}, 
title = {Trimmomatic: a flexible trimmer for Illumina sequence data},
volume = {30}, 
number = {15}, 
pages = {2114-2120}, 
year = {2014}, 
doi = {10.1093/bioinformatics/btu170}, 
URL = {http://bioinformatics.oxfordjournals.org/content/30/15/2114.abstract}, 
journal = {Bioinformatics} 
}

@article{Li08062009,
author = {Li, Heng and Handsaker, Bob and Wysoker, Alec and Fennell, Tim and Ruan, Jue and Homer, Nils and Marth, Gabor and Abecasis, Goncalo and Durbin, Richard and 1000 Genome Project Data Processing Subgroup}, 
title = {The Sequence Alignment/Map (SAM) Format and SAMtools},
year = {2009}, 
doi = {10.1093/bioinformatics/btp352}, 
URL = {http://bioinformatics.oxfordjournals.org/content/early/2009/06/08/bioinformatics.btp352.abstract}, 
journal = {Bioinformatics} 
}

@article{Katoh15072002,
author = {Katoh, Kazutaka and Misawa, Kazuharu and Kuma, Kei‐ichi and Miyata, Takashi}, 
title = {MAFFT: a novel method for rapid multiple sequence alignment based on fast Fourier transform},
volume = {30}, 
number = {14}, 
pages = {3059-3066}, 
year = {2002}, 
doi = {10.1093/nar/gkf436}, 
URL = {http://nar.oxfordjournals.org/content/30/14/3059.abstract}, 
journal = {Nucleic Acids Research} 
}

@article{ALTSCHUL1990403,
title = "Basic local alignment search tool",
journal = "Journal of Molecular Biology",
volume = "215",
number = "3",
pages = "403 - 410",
year = "1990",
note = "",
issn = "0022-2836",
doi = "http://dx.doi.org/10.1016/S0022-2836(05)80360-2",
url = "http://www.sciencedirect.com/science/article/pii/S0022283605803602",
author = "Stephen F. Altschul and Warren Gish and Webb Miller and Eugene W. Myers and David J. Lipman",
}

% Only if you switch the default mapper from smalt to bowtie:
@Article{Langmead2009,
author="Langmead, Ben
and Trapnell, Cole
and Pop, Mihai
and Salzberg, Steven L.",
title="Ultrafast and memory-efficient alignment of short DNA sequences to the human genome",
journal="Genome Biology",
year="2009",
month="Mar",
day="04",
volume="10",
number="3",
pages="R25",
abstract="Bowtie is an ultrafast, memory-efficient alignment program for aligning short DNA sequence reads to large genomes. For the human genome, Burrows-Wheeler indexing allows Bowtie to align more than 25 million reads per CPU hour with a memory footprint of approximately 1.3 gigabytes. Bowtie extends previous Burrows-Wheeler techniques with a novel quality-aware backtracking algorithm that permits mismatches. Multiple processor cores can be used simultaneously to achieve even greater alignment speeds. Bowtie is open source                   http://bowtie.cbcb.umd.edu                                  .",
issn="1474-760X",
doi="10.1186/gb-2009-10-3-r25",
url="https://doi.org/10.1186/gb-2009-10-3-r25"
}

% Only if you switch the default mapper from smalt to BWA:
@article{doi:10.1093/bioinformatics/btp698,
author = {Li, Heng and Durbin, Richard},
title = {Fast and accurate long-read alignment with Burrows–Wheeler transform},
journal = {Bioinformatics},
volume = {26},
number = {5},
pages = {589-595},
year = {2010},
doi = {10.1093/bioinformatics/btp698},
URL = { + http://dx.doi.org/10.1093/bioinformatics/btp698},
eprint = {/oup/backfile/content_public/journal/bioinformatics/26/5/10.1093_bioinformatics_btp698/1/btp698.pdf}
}
